@article{cn2,
  title={{数值计算方法}},
  author={朱建新,李有法},
  volume={6},
  number={2},
  pages={161-167},
  year={2019},
  publisher={高等教育出版社}
}

@article{cn1,
  title={{大学物理}},
  author={施建青 and 徐志君 and 林国成 and 徐东辉},
  volume={10},
  number={3},
  pages={173-175},
  year={2019},
  publisher={高等教育出版社}
}
